<?xml version="1.0" encoding="UTF-8"?><collection xmlns="http://www.loc.gov/MARC21/slim"><record><leader>00381nam--2200133-i-4500</leader><controlfield tag="001">000024903</controlfield><controlfield tag="002">20161230</controlfield><controlfield tag="005">20161230201035</controlfield><controlfield tag="008">060222s1000------------r-----000-0-eng-d</controlfield><datafield ind1=" " ind2=" " tag="080"><subfield code="a">530.1</subfield></datafield><datafield ind1=" " ind2=" " tag="245"><subfield code="a">Methods and problems of theoretical physics. in honours of r.e.peierls</subfield></datafield><datafield ind1=" " ind2=" " tag="260"><subfield code="a">Amsterdam, North-holland Publishing Company, 1970 440 P</subfield></datafield><datafield ind1=" " ind2=" " tag="700"><subfield code="a">Bowcock, I.E</subfield></datafield><datafield ind1=" " ind2=" " tag="852"><subfield code="a">33581</subfield></datafield></record></collection>